% Encoding: UTF-8

@Misc{Amazon2016,
  author       = {{Amazon.com}},
  title        = {{Introducing Amazon Go and the world’s most advanced shopping technology}},
  howpublished = {\url{https://youtu.be/NrmMk1Myrxc}},
  year         = {2016},
}

@Misc{BPSSimulator2018,
  author       = {{Business Process Simulator}},
  title        = {{Reference Guide}},
  howpublished = {\url{https://www.bpsimulator.com/en/help}},
  year         = {2018},
}

@Book{Belbin2010,
  title     = {{Management Teams: Why They Succeed or Fail}},
  publisher = {Elsevier Ltd},
  year      = {2010},
  author    = {R. Meredith Belbin},
  edition   = {Second},
}

@Misc{Camunda2018a,
  author       = {{Camunda Corporation}},
  title        = {BPMN Tutorial},
  howpublished = {\url{https://camunda.com/bpmn}},
  year         = {2018},
}


@Misc{Camunda2018b,
  author = {{Camunda Corporation}},
  title = "BPMN Editor",
  year = {2018},
  howpublished = "\url{https://camunda.com}",
}

@Misc{Cucumber2019a,
  author = {Cucumber},
  title = "The Cucumber Reference",
  year = {2019},
  howpublished = "\url{https://cucumber.io/docs/cucumber/}",
}

@Misc{Cucumber2019b,
  author = {Cucumber},
  title = "The Gherkin Reference",
  year = {2019},
  howpublished = "\url{https://cucumber.io/docs/gherkin/}",
}

@Misc{Dewey1910,
 author = {John Dewey},
 title = {How we think},
 publisher = {Heath and Company},
 year = {1910},
 howpublished = "\url{https://www.gutenberg.org/ebooks/37423}",
}

@Article{Fisher1998,
  author = {SG Fisher and TA Hunter and WDK Macross},
  title = {The distribution of Belbin team roles among UK managers},
  journal = {Personnel Review},
  volume = {29},
  issue = {2},
  pages = {124-140},
  year = {1998},
}

@Misc{FSF2018,
  author = {{Free Software Foundation}},
  year = {2018},
  publisher = {{Free Software Foundation, Inc.}},
  title = {What is free software?},
  howpublished = "\url{https://www.gnu.org/philosophy/free-sw.html}",
}

@book{Gates1999,
 author = {Gates, Bill},
 title = {Business at the Speed of Thought: Using a Digital Nervous System},
 year = {1999},
 isbn = {0446923001},
 publisher = {Time Warner},
 address = {New York, NY, USA},
}


@Misc{Hoffman2018,
  author = {Chris Hoffman},
  title = {What is a CryptoKitty?},
  howpublished = "\url{https://www.howtogeek.com/354535/what-the-is-a-cryptokitty}",
  year = {2018},
}

@Book{Hofstede2010,
  author = {Geert Hofstede and Gert Jan Hofstede and Michael Minkov},
  title = {Cultures and Organizations: Software for the Mind},
  edition = {Third},
  publisher = {McGraw-Hill},
  year = {2010},
}

@Misc{Hohpe2017a,
  author = {Gregor Hohpe},
  title = {37 Things One Architect Knows About IT Transformation: A Chief Architect's Journey},
  year = {2017},
  howpublished = "\url{https://leanpub.com/37things}",
}


@Misc{Hohpe2017b,
  author = {Gregor Hohpe},
  title = {Enterprise Architecture equals Architecting the Enterprise?},
  organization = {YOW! Conferences and Workshops for Developers by Developers},
  year = {2017},
  howpublished = "\url{https://youtu.be/pUYEVJVNSGc}",
}

@Misc{ISO2015,
  author = {{International Organization for Standardization}},
  title = {ISO 9001:2015(en) Quality management systems},
  year = {2015},
  howpublished = "\url{ https://www.iso.org/obp/ui/#iso:std:iso:9001}",
}

@Misc{ISOweb,
  author       = {{International Organization for Standardization}},
  title        = {The ISO 9000 family - Quality management},
  howpublished = {https://www.iso.org/iso-9001-quality-management.html},
  month        = jun,
  year         = {2019},
}

@Misc{Kaggle2017,
  author = {Kaggle},
  title = {Employee Churn Prediction: Determining what factors predicts an employee leaving his/her job},
  howpublished = "\url{https://www.kaggle.com/c/employee-churn-prediction/data}",
  year = {2017},
}

@Misc{MSG2018,
  author = {{Management Study Guide}},
  title = {Performance Appraisal},
  howpublished = "\url{https://www.managementstudyguide.com/performance-appraisal.htm}",
  year = {2018},
}

@Misc{Saleh2019,
   author = {Khalid Saleh},
   title = {Global Online Retail Spending: Statistics and Trends},
   year = {2019},
   publisher = {Invesp},
   howpublished = "\url{https://www.invespcro.com/blog/global-online-retail-spending-statistics-and-trends/}",
}

@Misc{OOA2017,
  author = {{The Open Organization Ambassadors}},
  title = {The Open Organization Definition},
  edition = {Second},
  year = {2017},
  howpublished = "\url{https://opensource.com/sites/default/files/gated-content/openorg_definition_ebook.pdf}",
}

@Misc{Park2016a,
  author = {Yuhyun Park},
  title = {8 digital skills we must teach our children},
  publisher = {{DQ Institute}},
  howpublished = "\url{https://www.weforum.org/agenda/2016/06/8-digital-skills-we-must-teach-our-children/}",
  year = {2016},
}

@Misc{Park2016b,
  author = {Yuhyun Park},
  title = {8 digital life skills all children need – and a plan for teaching them},
  publisher = {{DQ Institute}},
  howpublished = "\url{https://www.weforum.org/agenda/2016/09/8-digital-life-skills-all-children-need-and-a-plan-for-teaching-them}",
}

@book{Ross2006,
  author = {Jeanne W. Ross and Peter Weill and David C. Robertson},
  title = {Enterprize Architecture as Strategy: Creating a foundation for business execution},
  publisher = {Harvard Business Review Press},
  year = {2006},
}

@misc{RTE2016,
  author = {{Royal Thai Embassy}},
  title = {Thailand 4.0},
  howpublished = "\url{http://thaiembdc.org/thailand-4-0-2}",
  year = {2016},
}

@book{Schneider2015,
  author = {Gary P. Schneider},
  year = {2015},
  title = {Electronic Commerce},
  edition = {Eleventh},
  publisher = {Cengage Learning},
}

@incollection{Short2017,
  author = {Chris Short},
  title = {5 laws every aspiring DevOps engineer should know},
  publisher = {The Open Orgnization},
  booktitle = {The Open Organization Guide to IT Culture Change: Open principles and practices for a more innovative IT department},
  year = {2017},
  howpublished = "\url{https://opensource.com/open-organization/17/5/5-devops-laws}",
}

@article{Simon1955,
  author = {Herbert A Simon},
  title = {A Behavioral Model of Rational Choice},
  journal = {Quarterly Journal of Economics},
  year = {1955},
  volume = {69},
  pages = {99–118},
}

@Misc{SNYCYC2019,
  author = {{Singapore National Youth Council Youth Conversations}},
  title = {We are More: Amplifying the voices of our youth},
  organization = {Singapore Ministry of Culture, Community, and Youth},
  month = {March},
  year = {2019},
  howpublished = "\url{https://youthconversations.wpcomstaging.com/wp-content/uploads/2019/03/NYC-Youth-Conversations-Publication-2019.pdf}",
}

@Misc{Suriywong2018,
  author       = {Thekkit Chat Suriyawong},
  title        = {7-11 (Seven Eleven) with new generation 4.0 high tech},
  howpublished = {\url{https://youtu.be/Xl3rEUbpgsE}},
  month        = jan,
  year         = {2018},
  note         = {aired Monday, January 8, 2018},
  publisher    = {Channel 3 News},
}

@Misc{Stallman1985,
  author = {Robert Stallman},
  title = {The GNU Manifesto},
  howpublished = "\url{https://www.gnu.org/gnu/manifesto.html}",
  year = {1985},
}

@Misc{Statista2019,
  author = {Statista},
  title = {Number of internet users worldwide 2005-2018},
  year = {2019},
  howpublished = "\url{https://www.statista.com/statistics/273018/number-of-internet-users-worldwide}",
}

@Article{Tan2019,
  author  = {Alanna Tan},
  title   = {How millenials in Singapore define success},
  journal = {Vulcan Post},
  year    = {2019},
  month   = may,
}

@Misc{TMC2016,
  author = {{Thailand Ministry of Commerce}},
  title = {Thailand 4.0 Infographic},
  howpublished = "\url{http://www.thaitradeusa.com/home/wp-content/uploads/2016/09/infographic-TH4.0_en.jpg}",
  year = {2016},
}

@book{Tieger2014,
  author = {Paul D. Tieger and Barbara Barron and Kelly Tieger},
  title = {Do What You Are: Discover the Perfect Career for You Through the Scecrets of Personality Type},
  publisher = {Little, Brown and Company},
  edition = {Fifth},
  year = {2014},
}

@Misc{TCT2018,
  author = {{The CryptoKitten Team}},
  title = {CryptoKitties: Collectible and Breedable Cats Empowered by Blockchain Technology. Version 2.0},
  howpublished = "\url{https://drive.google.com/file/d/1soo-eAaJHzhw_XhFGMJp3VNcQoM43byS/view}",
  year = {2018},
}

@Misc{TNW2019,
   author = {{The Next Web}},
   title = {25-years of worldwide phone sales},
   year = {2019},
   howpublished = "\url{https://public.flourish.studio/visualisation/270258/}",
}

@Misc{Turban2017,
  author = {Efraim Turban and Judy Whiteside and David King and Jon Outland},
  title = {Introduction to Electronic Commerce and Social Commerce},
  edition = {Fourth},
  series = "Springer Texts in Business and Economics",
  publisher = "Springer International Publishing",
  year = {2017},
}

@Manual{UN2014,
 author = {{United Nations}},
 title = {The 2030 Agenda for Sustainable Development},
 organization = {{United Nations Department of Economic and Social Affairs Division for Sustainable Development Goals}},
 howpublished = "\url{https://sustainabledevelopment.un.org/post2015/transformingourworld}",
 year = {2014},
}

@Book{Whitehurst2015,
  title        = {The {O}pen {O}rganization: {I}gniting passion and performance},
  publisher    = {Harvard Business Review},
  year         = {2015},
  author       = {Jim Whitehurst},
  note         = {Available at \url{https://opensource.com/open-organization}},
}

@Book{Whitehurst2019,
  title        = {Organize for innovation: {R}ethinking how we work},
  publisher    = {The Open Organization},
  year         = {2019},
  author       = {Jim Whitehurst},
  note         = {Available at \url{https://opensource.com/sites/default/files/gated-content/organize_for_innovation_1_2_2.pdf}},
}

@Misc{WFTO2018,
  author = {{World Fair Trade Organization}},
  title = {Principles of Fair Trade},
  year = {2018},
  organization = {World Fair Trade Organization},
  howpublished = "\url{https://wfto-asia.com/credibility/charter-of-fair-trade-principles/}",
}

@Misc{YED2018,
  author = {yWorks},
  title = {yEd Graph Editor},
  year = {2018},
  howpublished = "\url{https://www.yworks.com/products/yed}",
}

@Book{Xie2015,
  title        = {Dynamic documents with {R} and knitr},
  publisher    = {Chapman and Hall/CRC},
  year         = {2015},
  author       = {Yihui Xie},
  address      = {Boca Raton, Florida},
  edition      = {Second},
  note         = {ISBN 978-1498716963},
  howpublished = {\url{http://yihui.name/knitr}},
}
