@Misc{Amazon2016,
  author = {{Amazon.com}},
  title = {Introducing Amazon Go and the worldâ€™s most advanced shopping technology},
  year = {2016},
  howpublished = "\url{https://youtu.be/NrmMk1Myrxc}",
}

@Misc{BPSSimulator2018,
  author = {{Business Process Simulator}},
  title = {Reference Guide},
  year = {2018},
  howpublished = "\url{https://www.bpsimulator.com/en/help}",
}


@Misc{Camunda2018a,
  author = {{Camunda Corporation}},
  title = {BPMN Tutorial},
  year = {2018},
  howpublished = "\url{https://camunda.com/bpmn}",
}


@Misc{Camunda2018b,
  author = {{Camunda Corporation}},
  title = "BPMN Editor",
  year = {2018},
  howpublished = "\url{https://camunda.com}",
}

@Article{Fisher1998,
  author = {SG Fisher and TA Hunter and WDK Macross},
  title = {The distribution of Belbin team roles among UK managers},
  journal = {Personnel Review},
  volume = {29},
  issue = {2},
  pages = {124 - 140},
  year = {1998},
}

@Misc{FSF2018,
  author = {{Free Software Foundation}},
  year = {2018},
  publisher = {{Free Software Foundation, Inc.}},
  title = {What is free software?},
  howpublished = "\url{https://www.gnu.org/philosophy/free-sw.html}",
}

@book{Gates1999,
 author = {Gates, Bill},
 title = {Business at the Speed of Thought: Using a Digital Nervous System},
 year = {1999},
 isbn = {0446923001},
 publisher = {Time Warner},
 address = {New York, NY, USA},
}

@Misc{Hoffman2018,
  author = {Chris Hoffman},
  year = {2018},
  title = {What is a CryptoKitty?},
  howpublished = "\url{https://www.howtogeek.com/354535/what-the-is-a-cryptokitty}",
}

@Book{Hofstede2010,
  author = {Geert Hofstede and Gert Jan Hofstede and Michael Minkov},
  title = {Cultures and Organizations: Software for the Mind},
  edition = {Third},
  publisher = {McGraw-Hill},
  year = {2010},
}

@Misc{Hohpe2017a,
  author = {Gregor Hohpe},
  title = {37 Things One Architect Knows About IT Transformation: A Chief Architect's Journey},
  year = {2017},
  howpublished = "\url{https://leanpub.com/37things}",
}


@Conference{Hohpe2017b,
  author = {Gregor Hohpe},
  title = {Enterprise Architecture = Architecting the Enterprise?},
  organization = {YOW! Conferences and Workshops for Developers by Developers},
  year = {2017},
  howpublished = "\url{https://youtu.be/pUYEVJVNSGc}",
}

@Misc{ISO2015,
  author = {{International Organization for Standardization}},
  title = {ISO 9001:2015(en) Quality management systems},
  year = {2015},
  howpublished = "\url{ https://www.iso.org/obp/ui/#iso:std:iso:9001}",
}

@Misc{ISOweb,
  author = {{International Organization for Standardization}},
  title = {The ISO 9000 family - Quality management},
  year = {2019},
  month = {June},
  howpublished = "https://www.iso.org/iso-9001-quality-management.html",
}

@Misc{Kaggle2017,
  author = {Kaggle},
  title = {Employee Churn Prediction: Determining what factors predicts an employee leaving his/her job},
  howpublished = {https://www.kaggle.com/c/employee-churn-prediction/data},
  year = {2017},
}

@Misc{MSG2018,
  author = {{Management Study Guide}},
  title = {Performance Appraisal},
  howpublished = "\url{https://www.managementstudyguide.com/performance-appraisal.htm}",
  year = {2018},
}

@Misc{Saleh2019,
   author = {Khalid Saleh},
   title = {Global Online Retail Spending: Statistics and Trends},
   year = {2019},
   publisher = {Invesp},
   howpublished = "\url{https://www.invespcro.com/blog/global-online-retail-spending-statistics-and-trends/}",
}

@Misc{OOA2017,
  author = {{The Open Organization Ambassadors}},
  title = {The Open Organization Definition},
  edition = {Second},
  year = {2017},
  howpublished = "\url{https://opensource.com/sites/default/files/gated-content/openorg_definition_ebook.pdf}",
}

@book{Ross2006,
  author = {Jeanne W. Ross and Peter Weill and David C. Robertson},
  title = {Enterprize Architecture as Strategy: Creating a foundation for business execution},
  publisher = {Harvard Business Review Press},
  year = {2006},
}

@Misc{RTE2016,
  author = {{Royal Thai Embassy}},
  title = {Thailand 4.0},
  howpublished = "\url{http://thaiembdc.org/thailand-4-0-2}",
    date = {2016},
}


@book{Schneider2015,
  author = {Gary P. Schneider},
  year = {2015},
  title = {Electronic Commerce},
  edition = {Eleventh},
  publisher = {Cengage Learning},
}

@Misc{Short2017,
  author = {Chris Short},
  title = {5 laws every aspiring DevOps engineer should know. Published in The Open Organization Guide to IT Culture Change: Open principles and practices for a more innovative IT department by The Open Orgnization},
  year = {2017},
  howpublished = "\url{https://opensource.com/open-organization/17/5/5-devops-laws}",
}

@Misc{SNYCYC2019,
  author = {{Singapore National Youth Council Youth Conversations}},
  title = {We are More: Amplifying the voices of our youth},
  organization = {Singapore Ministry of Culture, Community, and Youth},
  month = {March},
  year = {2019},
  howpublished = "\url{https://youthconversations.wpcomstaging.com/wp-content/uploads/2019/03/NYC-Youth-Conversations-Publication-2019.pdf}",
}

@Misc{Suriywong2018,
   author = {Thekkit Chat Suriyawong},
   title = {7-11 (Seven Eleven) with new generation 4.0 high tech},
   publisher = {Channel 3 News},
   month = {January},
   year = {2018},
   note = {aired Monday, January 8, 2018},
   howpublished = "\url{https://youtu.be/Xl3rEUbpgsE}",
}

@Misc{Stallman1985,
  author = {Robert Stallman},
  title = {The GNU Manifesto},
  howpublished = {https://www.gnu.org/gnu/manifesto.html},
  year = {1985},
}

@Misc{Statista2019,
  author = {Statista},
  title = {Number of internet users worldwide 2005-2018},
  year = 2019,
  howpublished = "\url{https://www.statista.com/statistics/273018/number-of-internet-users-worldwide}",
}

@journal{Tan2019,
  author = {Alanna Tan},
  title = {How millenials in Singapore define success},
  journal = {Vulcan Post},
  month = {May},
  year = {2019},
}

@Misc{TMC2016,
  author = {{Thailand Ministry of Commerce}},
  title = {Thailand 4.0 Infographic},
  howpublished = "\url{http://www.thaitradeusa.com/home/wp-content/uploads/2016/09/infographic-TH4.0_en.jpg}",
  year = {2016},
}


@Misc{TCT2018,
  author = {{The CryptoKitten Team}},
  title = {CryptoKitties: Collectible and Breedable Cats Empowered by Blockchain Technology. Version 2.0},
  howpublished = {https://drive.google.com/file/d/1soo-eAaJHzhw_XhFGMJp3VNcQoM43byS/view},
  year = {2018},
}

@Misc{TNW2019,
   author = {{The Next Web}},
   title = {25-years of worldwide phone sales},
   year = {2019},
   howpublished = "\url{https://public.flourish.studio/visualisation/270258/}",
}

@Misc{Turban2017,
  author = {Efraim Turban and Judy Whiteside and David King and Jon Outland},
  title = {Introduction to Electronic Commerce and Social Commerce},
  edition = {Fourth},
  series = "Springer Texts in Business and Economics",
  publisher = "Springer International Publishing",
  year = {2017},
}

@book{Whitehurst2015,
  author = {Jim Whitehurst},
  title = {The Open Organization: Igniting Passion and Performance},
  publisher = {Harvard Business Review},
  year = {2015},
  howpublished = "\url{https://opensource.com/open-organization}",
}

@book{Whitehurst2019,
  author = {Jim Whitehurst},
  title = {Organize for Innovation: Rethinking how we work},
  publisher = {The Open Organization},
  year = {2019},
  howpublished = "\url{https://opensource.com/sites/default/files/gated-content/organize_for_innovation_1_2_2.pdf}",
}


@Misc{YED2018,
  author = {yWorks},
  title = {yEd Graph Editor},
  year = {2018},
  howpublished = "\url{https://www.yworks.com/products/yed?}",
}

@Book{xie2015,
  title = {Dynamic Documents with {R} and knitr},
  author = {Yihui Xie},
  publisher = {Chapman and Hall/CRC},
  address = {Boca Raton, Florida},
  year = {2015},
  edition = {Second},
  note = {ISBN 978-1498716963},
  howpublished = "\url{http://yihui.name/knitr}",
}
